@article{A:1991,
    title = {Quantum point contacts in magnetic fields},
    author = {Ando, T.},
    journal = {Phys. Rev. B},
    volume = {44},
    issue = {15},
    pages = {8017--8027},
    numpages = {0},
    year = {1991},
    month = {Oct},
    publisher = {American Physical Society},
    doi = {10.1103/PhysRevB.44.8017},
    url = {http://link.aps.org/doi/10.1103/PhysRevB.44.8017}
}

@article{KBKZK:2005,
    title = {Conductance calculations for quantum wires and interfaces: Mode matching and Green's functions},
    author = {Khomyakov, P. A. and Brocks, G. and Karpan, V. and Zwierzycki, M. and Kelly, P. J.},
    journal = {Phys. Rev. B},
    volume = {72},
    issue = {3},
    pages = {035450},
    numpages = {13},
    year = {2005},
    month = {Jul},
    publisher = {American Physical Society},
    doi = {10.1103/PhysRevB.72.035450},
    url = {http://link.aps.org/doi/10.1103/PhysRevB.72.035450}
}

@article{A:1990,
    title = {Edge states in quantum wires in high magnetic fields},
    author = {Ando, T.},
    journal = {Phys. Rev. B},
    volume = {42},
    issue = {9},
    pages = {5626--5634},
    numpages = {0},
    year = {1990},
    month = {Sep},
    publisher = {American Physical Society},
    doi = {10.1103/PhysRevB.42.5626},
    url = {http://link.aps.org/doi/10.1103/PhysRevB.42.5626}
}

@article{BS:1989,
    title = {Electrical linear-response theory in an arbitrary magnetic field: A new Fermi-surface formation},
    author = {Baranger, Harold U. and Stone, A. Douglas},
    journal = {Phys. Rev. B},
    volume = {40},
    issue = {12},
    pages = {8169--8193},
    numpages = {0},
    year = {1989},
    month = {Oct},
    publisher = {American Physical Society},
    doi = {10.1103/PhysRevB.40.8169},
    url = {http://link.aps.org/doi/10.1103/PhysRevB.40.8169}
}

@article{BKJ:1991,
    title = {Resonant tunneling via quantum bound states in a classically unbound system of crossed, narrow
        channels},
    author = {Berggren, Karl-Fredrik and Ji, Zhen-li},
    journal = {Phys. Rev. B},
    volume = {43},
    issue = {6},
    pages = {4760--4764},
    numpages = {0},
    year = {1991},
    month = {Feb},
    publisher = {American Physical Society},
    doi = {10.1103/PhysRevB.43.4760},
    url = {http://link.aps.org/doi/10.1103/PhysRevB.43.4760}
}

